
@misc{ wikiRBAC,
   author = "Wikipedia",
   title = "{Role-based access control} --- {W}ikipedia{,} The Free Encyclopedia",
   year = "2016",
   howpublished = {\url{https://en.wikipedia.org/w/index.php?title=Role-based_access_control&oldid=709886924}},
   note = "[Online; accessed 20-March-2016]"
 }

@misc{ wikiABAC,
   author = "Wikipedia",
   title = "{Attribute-based access control} --- {W}ikipedia{,} The Free Encyclopedia",
   year = "2016",
   howpublished = {\url{https://en.wikipedia.org/w/index.php?title=Attribute-based_access_control&oldid=694270795}},
   note = "[Online; accessed 20-March-2016]"
 }

@misc{ wikiACL,
   author = "Wikipedia",
   title = "{Access control list} --- {W}ikipedia{,} The Free Encyclopedia",
   year = "2016",
   howpublished = {\url{https://en.wikipedia.org/w/index.php?title=Access_control_list&oldid=710571612}},
   note = "[Online; accessed 20-March-2016]"
 }
@article{ ucon,
  author    = {Jaehong Park and
               Ravi S. Sandhu},
  title     = {The UCON\({}_{\mbox{ABC}}\) usage control model},
  journal   = {{ACM} Trans. Inf. Syst. Secur.},
  volume    = {7},
  number    = {1},
  pages     = {128--174},
  year      = {2004},
  url       = {http://doi.acm.org/10.1145/984334.984339},
  doi       = {10.1145/984334.984339},
  timestamp = {Thu, 09 Feb 2006 13:50:27 +0100},
  biburl    = {http://dblp.uni-trier.de/rec/bib/journals/tissec/ParkS04},
  bibsource = {dblp computer science bibliography, http://dblp.org}
}

@article{SurveyUsageControl,
  author    = {Aliaksandr Lazouski and
               Fabio Martinelli and
               Paolo Mori},
  title     = {Usage control in computer security: {A} survey},
  journal   = {Computer Science Review},
  volume    = {4},
  number    = {2},
  pages     = {81--99},
  year      = {2010},
  url       = {http://dx.doi.org/10.1016/j.cosrev.2010.02.002},
  doi       = {10.1016/j.cosrev.2010.02.002},
  timestamp = {Tue, 18 May 2010 13:41:37 +0200},
  biburl    = {http://dblp.uni-trier.de/rec/bib/journals/csr/LazouskiMM10},
  bibsource = {dblp computer science bibliography, http://dblp.org}
}